% This file was created with JabRef 2.10.
% Encoding: Cp1252


@Misc{Bogaert,
  Title                    = {A new data structure to represent road networks},

  Author                   = {Peter Bogaert and Vakgroep Geografie and Nico Van De Weghe and Vakgroep Geografie and Ruben Maddens and Vakgroep Geografie and Leen De Temmerman and Vakgroep Geografie and Vakgroep Geografie}
}

@Book{Drew1968,
  Title                    = {Traffic flow theory and control},
  Author                   = {Drew, D.R.},
  Publisher                = {McGraw-Hill},
  Year                     = {1968},

  Address                  = {New York}
}

@Manual{GraphML_man,
  Title                    = {The GraphML File Format},

  Address                  = {graphml.graphdrawing.org},
  Author                   = {{GraphML Team}},
  Year                     = {2001-2007}
}

@Article{JiuxiangHu2007,
  Title                    = {Road network extraction and intersection detection from aerial images by tracking road footprints},
  Author                   = {Jiuxiang Hu, Anshuman Razdan, John C. Femiani, Ming Cui, Peter Wonka},
  Journal                  = {IEEE Transactions on Geoscience and Remote Sensing},
  Year                     = {2007},

  Month                    = {Diciembre},
  Number                   = {12},
  Pages                    = {14},
  Volume                   = {45}
}

@MastersThesis{Kallberg1971,
  Title                    = {Traffic simulation},
  Author                   = {Kallberg, H.},
  School                   = {University of Technology, Transportation Engineering},
  Year                     = {1971},

  Address                  = {Espoo}
}

@Article{Pursula,
  Title                    = {Simulation of traffic systems - An Overview},
  Author                   = {Matti Pursula},
  Journal                  = {Journal of Geographic Information and Decision Analysis},
  Year                     = {1999},
  Number                   = {1},
  Pages                    = {1-8},
  Volume                   = {3}
}

@Conference{ASPRS2006,
  Title                    = {ASPRS 2006 Annual Conference},
  Author                   = {Qiaoping Zhang, Isabelle Couloigner},
  Year                     = {2006},

  Address                  = {Reno, Nevada},
  Month                    = {Mayo}
}

@Book{Barcelo2010,
  Title                    = {Fundamentals of Traffic Simulation},
  Editor                   = {Jaume Barcel\'{o}},
  Publisher                = {Springer New York},
  Year                     = {2010},
  Series                   = {International Series in Operations Research \& Management Science},
  Volume                   = {145}
}

@Misc{BezierCurves,
  Title                    = {Curva de B\'{e}zier},
  Note                     = {\texttt{es.wikipedia.org/wiki/Curva\_de\_B\'{e}zier}}
}

@Misc{Blender_web,
  Title                    = {Blender web page},
  Note                     = {\texttt{www.blender.org}}
}

@Misc{Unity_web,
  Title                    = {Unity web page},
  Note                     = {\texttt{unity3d.com/es}}
}

